% Encoding: UTF-8

@Article{Goedecker1996,
  author    = {Goedecker, S. and Teter, M. and Hutter, J.},
  title     = {Separable dual-space Gaussian pseudopotentials},
  journal   = {Phys. Rev. B},
  year      = {1996},
  volume    = {54},
  pages     = {1703--1710},
  month     = {Jul},
  doi       = {10.1103/PhysRevB.54.1703},
  issue     = {3},
  numpages  = {0},
  publisher = {American Physical Society},
  url       = {https://link.aps.org/doi/10.1103/PhysRevB.54.1703},
}

@Article{Hartwigsen1998,
  author    = {Hartwigsen, C. and Goedecker, S. and Hutter, J.},
  title     = {Relativistic separable dual-space Gaussian pseudopotentials from H to Rn},
  journal   = {Phys. Rev. B},
  year      = {1998},
  volume    = {58},
  pages     = {3641--3662},
  month     = {Aug},
  doi       = {10.1103/PhysRevB.58.3641},
  issue     = {7},
  numpages  = {0},
  publisher = {American Physical Society},
  url       = {https://link.aps.org/doi/10.1103/PhysRevB.58.3641},
}
